@techreport{catmull1974subdivision,
	title={A subdivision algorithm for computer display of curved surfaces},
	author={Catmull, Edwin},
	year={1974},
	institution={DTIC Document}
}

@misc{dragon,
	title = {Maya Dragon Rig},
	howpublished = {\url{https://gumroad.com/l/kkAJ}},
	note = {Accessed: 2016-09-30}
}
@inproceedings{wilson2010combining,
	title={Combining multiple depth cameras and projectors for interactions on, above and between surfaces},
	author={Wilson, Andrew D and Benko, Hrvoje},
	booktitle={Proceedings of the 23nd annual ACM symposium on User interface software and technology},
	pages={273--282},
	year={2010},
	organization={ACM}
}
@inproceedings{izadi2011kinectfusion,
	title={KinectFusion: real-time 3D reconstruction and interaction using a moving depth camera},
	author={Izadi, Shahram and Kim, David and Hilliges, Otmar and Molyneaux, David and Newcombe, Richard and Kohli, Pushmeet and Shotton, Jamie and Hodges, Steve and Freeman, Dustin and Davison, Andrew and others},
	booktitle={Proceedings of the 24th annual ACM symposium on User interface software and technology},
	pages={559--568},
	year={2011},
	organization={ACM}
}
@inproceedings{newcombe2011kinectfusion,
	title={KinectFusion: Real-time dense surface mapping and tracking},
	author={Newcombe, Richard A and Izadi, Shahram and Hilliges, Otmar and Molyneaux, David and Kim, David and Davison, Andrew J and Kohi, Pushmeet and Shotton, Jamie and Hodges, Steve and Fitzgibbon, Andrew},
	booktitle={Mixed and augmented reality (ISMAR), 2011 10th IEEE international symposium on},
	pages={127--136},
	year={2011},
	organization={IEEE}
}


@article{kavan2008geometric,
	title={Geometric skinning with approximate dual quaternion blending},
	author={Kavan, Ladislav and Collins, Steven and {\v{Z}}{\'a}ra, Ji{\v{r}}{\'\i} and O'Sullivan, Carol},
	journal={ACM Transactions on Graphics (TOG)},
	volume={27},
	number={4},
	pages={105},
	year={2008},
	publisher={ACM}
}
